%% This BibTeX bibliography file was created using BibDesk.
%% http://bibdesk.sourceforge.net/

%% Created for Alexander Kwok at 2017-03-30 23:10:42 +1300 

%% Saved with string encoding Unicode (UTF-8) 

@misc{OpenCV.org,
  title={OpenCV resources},
  author={http://docs.opencv.org/2.4/},
  year={2015}
}

@misc{OpenCV,
  title={Object Detection},
  author={http://docs.opencv.org/2.4/ modules/ core/ doc/ basic structures},
  year={2015}
}

@misc{frascarelli2015object,
  title={Object Detection},
  author={Frascarelli, Antonio Ezio},
  year={2015}
}

@incollection{ramon2014using,
  title={Using OpenCV},
  author={Ramon, Manoel Carlos},
  booktitle={Intel{textregistered} Galileo and Intel{textregistered} Galileo Gen 2},
  pages={319--400},
  year={2014},
  publisher={Springer}
}

@article{frascarelli2015,
  title={OBJECT DETECTION FOR HIGH PRODUCTIVITY},
  author={Frascarelli, Antonio Ezio},
  journal={3345},
  year={2015}
}

@inproceedings{myint2015tracking,
  title={Tracking a table tennis ball for umpiring purposes},
  author={Myint, Hnin and Wong, Patrick and Dooley, Laurence and Hopgood, Adrian},
  booktitle={Machine Vision Applications (MVA), 2015 14th IAPR International Conference on},
  pages={170--173},
  year={2015},
  organization={IEEE}
}

@inproceedings{budden2012novel,
  title={A novel approach to ball detection for humanoid robot soccer},
  author={Budden, David and Fenn, Shannon and Walker, Josiah and Mendes, Alexandre},
  booktitle={Australasian Joint Conference on Artificial Intelligence},
  pages={827--838},
  year={2012},
  organization={Springer}
}