%% This BibTeX bibliography file was created using BibDesk.
%% http://bibdesk.sourceforge.net/

%% Created for Alexander Kwok at 2017-03-30 23:10:42 +1300 

%% Saved with string encoding Unicode (UTF-8) 

@misc{OpenCV.org,
	title={OpenCV resources},
	author={http://docs.opencv.org/2.4/},
	year={2015}
}

@misc{OpenCV,
	title={Object Detection},
	author={http://docs.opencv.org/2.4/doc/tutorials/},
	year={2015}
}

@misc{OpenCV2.org,
	title={OpenCV resources},
	author={http://docs.opencv.org/3.0-beta/doc/},
	year={2016}
}