%% This BibTeX bibliography file was created using BibDesk.
%% http://bibdesk.sourceforge.net/

%% Created for Alexander Kwok at 2017-03-30 23:10:42 +1300 


%% Saved with string encoding Unicode (UTF-8) 



@article{Festo,
	Author = {Festo},
	Date-Modified = {2017-03-30 10:10:38 +0000},
	Journal = {Federal Republic of Germany},
	Number = {en 0402NH},
	Title = {Automating with fst},
	Volume = {682 300},
	Year = {2004}}
